<record><leader>00000cas a22000007a 4500</leader><controlfield tag="001">15667954</controlfield><controlfield tag="008">870511c19869999mauwr ne      0   a0eng d</controlfield><controlfield tag="009">467</controlfield><datafield ind1=" " ind2=" " tag="010"><subfield code="a">sn 87000547 </subfield></datafield><datafield ind1=" " ind2=" " tag="040"><subfield code="a">NSD</subfield><subfield code="b">eng</subfield><subfield code="c">NSD</subfield><subfield code="d">NVH</subfield><subfield code="d">NSD</subfield><subfield code="d">NVH</subfield><subfield code="d">OCLCQ</subfield></datafield><datafield ind1=" " ind2=" " tag="012"><subfield code="j">0</subfield><subfield code="m">1</subfield></datafield><datafield ind1="1" ind2=" " tag="022"><subfield code="a">0893-8369</subfield><subfield code="l">0893-8369</subfield><subfield code="2">1</subfield></datafield><datafield ind1=" " ind2=" " tag="032"><subfield code="a">960760</subfield><subfield code="b">USPS</subfield></datafield><datafield ind1=" " ind2=" " tag="042"><subfield code="a">nsdp</subfield></datafield><datafield ind1=" " ind2="0" tag="222"><subfield code="a">Jaffrey-Rindge chronicle</subfield></datafield><datafield ind1="0" ind2="0" tag="245"><subfield code="a">Jaffrey-Rindge chronicle.</subfield></datafield><datafield ind1="0" ind2="0" tag="246"><subfield code="a">Jaffrey Rindge chronicle</subfield></datafield><datafield ind1=" " ind2=" " tag="260"><subfield code="a">Winchendon, Mass. :</subfield><subfield code="b">Savage Syndications,</subfield></datafield><datafield ind1=" " ind2=" " tag="300"><subfield code="a">v.</subfield></datafield><datafield ind1=" " ind2=" " tag="310"><subfield code="a">Weekly</subfield></datafield><datafield ind1="0" ind2=" " tag="362"><subfield code="a">Vol. 40, no. 27 (Jan. 22, 1986)-</subfield></datafield><datafield ind1=" " ind2=" " tag="752"><subfield code="a">United States</subfield><subfield code="b">Massachusetts</subfield><subfield code="c">Worcester</subfield><subfield code="d">Winchendon.</subfield></datafield><datafield ind1=" " ind2=" " tag="752"><subfield code="a">United States</subfield><subfield code="b">New Hampshire</subfield><subfield code="c">Cheshire</subfield><subfield code="d">Jaffrey.</subfield></datafield><datafield ind1=" " ind2=" " tag="752"><subfield code="a">United States</subfield><subfield code="b">New Hampshire</subfield><subfield code="c">Cheshire</subfield><subfield code="d">Rindge.</subfield></datafield><datafield ind1="0" ind2="0" tag="780"><subfield code="t">State line news (Winchendon, Mass.)</subfield><subfield code="w">(DLC)sn 91063187</subfield></datafield></record>